<record xmlns="http://www.loc.gov/MARC21/slim" xmlns:xsi="http://www.w3.org/2001/XMLSchema-instance" xsi:schemaLocation="http://www.loc.gov/MARC21/slim http://www.loc.gov/standards/marcxml/schema/MARC21slim.xsd"><leader>00572cz   2200145n  4500</leader><controlfield tag="001">oca01595685 </controlfield><controlfield tag="005">20010828155137.0</controlfield><controlfield tag="008">860429n| acannaab           |a aaa      </controlfield><datafield ind1=" " ind2=" " tag="010"><subfield code="a">n  85289308 </subfield></datafield><datafield ind1=" " ind2=" " tag="040"><subfield code="a">DLC</subfield><subfield code="c">DLC</subfield><subfield code="d">DLC</subfield><subfield code="d">Uk</subfield><subfield code="d">DLC</subfield></datafield><datafield ind1="0" ind2=" " tag="100"><subfield code="a">Avitus,</subfield><subfield code="c">Saint, Bishop of Vienne</subfield></datafield><datafield ind1="1" ind2=" " tag="400"><subfield code="a">Avitus, Alcimus Ecdicius,</subfield><subfield code="c">Saint, Bishop of Vienne</subfield></datafield><datafield ind1="0" ind2=" " tag="400"><subfield code="a">Avit,</subfield><subfield code="c">Saint, Bishop of Vienne</subfield></datafield><datafield ind1=" " ind2=" " tag="670"><subfield code="a">His The fall of man, c1985:</subfield><subfield code="b">t.p. (Avitus) Can CIP (Avitus, Saint, Bishop of Vienne)</subfield></datafield><datafield ind1=" " ind2=" " tag="670"><subfield code="a">NLC 1/29/86</subfield><subfield code="b">(AACR 2: Avitus, Saint, Bishop of Vienne; full name: Alcimus Ecdicius Avitus)</subfield></datafield></record>